% The Citations should be in order of appearance
% PROBLEM STATEMENT

% Hallucinations
@misc{lakera_hallucinations_llms,
  author = {Shah, Deval},
  title = {The Beginner’s Guide to Hallucinations in Large Language Models},
  year = {2023},
  url = {https://www.lakera.ai/blog/guide-to-hallucinations-in-large-language-models}
}


% TECHNICAL BACKGROUND
% IBM: LLMS
@misc{IBM_LLM,
  author = {{IBM}},
  title = {Large Language Models},
  url = {https://www.ibm.com/topics/large-language-models}
}

% Google Cloud: RAG
@misc{Google_RAG,
  author = {{Google Cloud}},
  title = {Retrieval-Augmented Generation Use Cases},
  url = {https://cloud.google.com/use-cases/retrieval-augmented-generation}
}

% Vector Database
@misc{pinecone2024,
    author       = {Pinecone Team},
    title        = {Vector Database Overview},
    year         = {2024},
    url          = {https://www.pinecone.io/learn/vector-database/?utm_source%3Dchatgpt.com&sa=D&source=docs&ust=1733844546748308&usg=AOvVaw3QO56yOjW4z7oLjv1LpeDM},
    note         = {Accessed: 2024-11-22}
}

% Vector Embedding
@misc{pinecone_embeddings,
    author       = {Pinecone Team},
    title        = {Vector Embeddings Overview},
    year         = {2024},
    url          = {https://www.pinecone.io/learn/vector-embeddings/?utm_source%3Dchatgpt.com&sa=D&source=docs&ust=1733844546752660&usg=AOvVaw0Se49AtbCfyy6_IBTPUE_M}
}

% Chunking / Overlap
@misc{langchain_long_text,
  title = {LangChain Documentation: Handling Long Text},
  url = {https://python.langchain.com/v0.1/docs/use_cases/extraction/how_to/handle_long_text/?utm_source%3Dchatgpt.com&sa=D&source=docs&ust=1733844546748671&usg=AOvVaw1w7-5jiHp5CmjEiA94C-Jm}
}

% Tokens
@misc{langchain_tokens,
  title = {LangChain Documentation: Token Concepts},
  url = {https://js.langchain.com/docs/concepts/tokens/?utm_source%3Dchatgpt.com&sa=D&source=docs&ust=1733844546748919&usg=AOvVaw0fnA8wcewSfRvJu0ZON_uN},
  note = {Accessed: 2024-12-10}
}

% Sentence Transformers
@misc{huggingface_train_sentence_transformers,
  title = {Training Sentence Transformers},
  url = {https://huggingface.co/blog/train-sentence-transformers}
}


% Web Scraping
@misc{wikipedia_web_scraping,
  title = {Web Scraping},
  url = {https://en.wikipedia.org/wiki/Web_scraping}
}

% Webcrawling
@misc{botscraper_web_crawling,
  title = {The Power of Web Crawling: How to Extract Data from Large Websites},
  url = {https://www.botscraper.com/blog/the-power-of-web-crawling-how-to-extract-data-from-large-websites}
}

% Similarity Search
@misc{mljourney_cosine_euclidean,
  title = {Cosine Similarity vs. Euclidean Distance: Key Differences},
  url = {https://mljourney.com/cosine-similarity-vs-euclidean-distance-key-differences/}
}

% PRIOR WORK
% ChatGPT
@misc{arxivChatGPTApplications,
	author = {Baharini et. all},
	title = {ChatGPT: Aplications, Opportunities, and Threats},
	url = {https;//arxiv.org/abs/2304.09103}
}

% Train LLM
@misc{naveed2024comprehensiveoverviewlargelanguage,
      title={A Comprehensive Overview of Large Language Models}, 
      author={Humza Naveed and Asad Ullah Khan and Shi Qiu and Muhammad Saqib and Saeed Anwar and Muhammad Usman and Naveed Akhtar and Nick Barnes and Ajmal Mian},
      year={2024},
      eprint={2307.06435},
      archivePrefix={arXiv},
      primaryClass={cs.CL},
      url={https://arxiv.org/abs/2307.06435}, 
}

% RAG
@misc{arxiv_2005_11401,
  author = {Lewis et. all},
  title = {Retrieval-Augmented Generation for Knowledge-Intensive NLP Tasks},
  url = {https://arxiv.org/abs/2005.11401}
}

% Vector DB
@misc{pinecone_vector_database,
  author = {Schwaber-Cohen, Roie},
  title = {What is a Vector Database \& How Does it Work? Use Cases + Examples},
  year = {2023},
  url = {https://www.pinecone.io/learn/vector-database/}
}


% METHODS

% Stop words
@misc{coursera_stop_words,
  title = {What Are Stop Words?},
  url = {https://www.coursera.org/articles/what-are-stop-words}
}

%Title Scoring
@misc{kedia_methods_scoring_nlp,
  author = {Kedia, Priyansh},
  title = {Methods for Scoring Words in NLP},
  year = {2021},
  url = {https://priyansh-kedia.medium.com/methods-for-scoring-words-in-nlp-8a1f0b55605a}
}

% GPT2
@misc{radford2019gpt2,
  author = {Radford, Alec and Wu, Jeffrey and Child, Rewon and Luan, David and Amodei, Dario and Sutskever, Ilya},
  title = {Language Models are Unsupervised Multitask Learners},
  year = {2019},
  url = {https://paperswithcode.com/paper/language-models-are-unsupervised-multitask}
}

% Mistral 7B
@article{jiang2023mistral7b,
  author    = {Albert Q. Jiang and
               Alexandre Sablayrolles and
               Arthur Mensch and
               Chris Bamford and
               Devendra Singh Chaplot and
               Diego de las Casas and
               Florian Bressand and
               Gianna Lengyel and
               Guillaume Lample and
               Lucile Saulnier and
               L{\'{e}}lio Renard Lavaud and
               Marie{-}Anne Lachaux and
               Pierre Stock and
               Teven Le Scao and
               Thibaut Lavril and
               Thomas Wang and
               Timoth{\'{e}}e Lacroix and
               William El Sayed},
  title     = {Mistral 7B},
  journal   = {CoRR},
  volume    = {abs/2310.06825},
  year      = {2023},
  url       = {https://arxiv.org/abs/2310.06825},
  eprinttype = {arxiv},
  eprint    = {2310.06825},
  timestamp = {2023-10-11},
  archivePrefix = {arXiv},
  primaryClass = {cs.CL}
}

% GPT 3.5
@article{ye2023gpt3_analysis,
  author    = {Junjie Ye and
               Xuanting Chen and
               Nuo Xu and
               Can Zu and
               Zekai Shao and
               Shichun Liu and
               Yuhan Cui and
               Zeyang Zhou and
               Chao Gong and
               Yang Shen and
               Jie Zhou and
               Siming Chen and
               Tao Gui and
               Qi Zhang and
               Xuanjing Huang},
  title     = {A Comprehensive Capability Analysis of {GPT-3} and {GPT-3.5} Series Models},
  journal   = {CoRR},
  volume    = {abs/2303.10420},
  year      = {2023},
  url       = {https://arxiv.org/abs/2303.10420},
  eprinttype = {arxiv},
  eprint    = {2303.10420},
  archivePrefix = {arXiv},
  primaryClass = {cs.CL}
}

% GPT 4o
@misc{openai2024gpt4technicalreport,
      title={GPT-4 Technical Report}, 
      author={OpenAI and Josh Achiam and Steven Adler and Sandhini Agarwal and Lama Ahmad and Ilge Akkaya and Florencia Leoni Aleman and Diogo Almeida and Janko Altenschmidt and Sam Altman and Shyamal Anadkat and Red Avila and Igor Babuschkin and Suchir Balaji and Valerie Balcom and Paul Baltescu and Haiming Bao and Mohammad Bavarian and Jeff Belgum and Irwan Bello and Jake Berdine and Gabriel Bernadett-Shapiro and Christopher Berner and Lenny Bogdonoff and Oleg Boiko and Madelaine Boyd and Anna-Luisa Brakman and Greg Brockman and Tim Brooks and Miles Brundage and Kevin Button and Trevor Cai and Rosie Campbell and Andrew Cann and Brittany Carey and Chelsea Carlson and Rory Carmichael and Brooke Chan and Che Chang and Fotis Chantzis and Derek Chen and Sully Chen and Ruby Chen and Jason Chen and Mark Chen and Ben Chess and Chester Cho and Casey Chu and Hyung Won Chung and Dave Cummings and Jeremiah Currier and Yunxing Dai and Cory Decareaux and Thomas Degry and Noah Deutsch and Damien Deville and Arka Dhar and David Dohan and Steve Dowling and Sheila Dunning and Adrien Ecoffet and Atty Eleti and Tyna Eloundou and David Farhi and Liam Fedus and Niko Felix and Simón Posada Fishman and Juston Forte and Isabella Fulford and Leo Gao and Elie Georges and Christian Gibson and Vik Goel and Tarun Gogineni and Gabriel Goh and Rapha Gontijo-Lopes and Jonathan Gordon and Morgan Grafstein and Scott Gray and Ryan Greene and Joshua Gross and Shixiang Shane Gu and Yufei Guo and Chris Hallacy and Jesse Han and Jeff Harris and Yuchen He and Mike Heaton and Johannes Heidecke and Chris Hesse and Alan Hickey and Wade Hickey and Peter Hoeschele and Brandon Houghton and Kenny Hsu and Shengli Hu and Xin Hu and Joost Huizinga and Shantanu Jain and Shawn Jain and Joanne Jang and Angela Jiang and Roger Jiang and Haozhun Jin and Denny Jin and Shino Jomoto and Billie Jonn and Heewoo Jun and Tomer Kaftan and Łukasz Kaiser and Ali Kamali and Ingmar Kanitscheider and Nitish Shirish Keskar and Tabarak Khan and Logan Kilpatrick and Jong Wook Kim and Christina Kim and Yongjik Kim and Jan Hendrik Kirchner and Jamie Kiros and Matt Knight and Daniel Kokotajlo and Łukasz Kondraciuk and Andrew Kondrich and Aris Konstantinidis and Kyle Kosic and Gretchen Krueger and Vishal Kuo and Michael Lampe and Ikai Lan and Teddy Lee and Jan Leike and Jade Leung and Daniel Levy and Chak Ming Li and Rachel Lim and Molly Lin and Stephanie Lin and Mateusz Litwin and Theresa Lopez and Ryan Lowe and Patricia Lue and Anna Makanju and Kim Malfacini and Sam Manning and Todor Markov and Yaniv Markovski and Bianca Martin and Katie Mayer and Andrew Mayne and Bob McGrew and Scott Mayer McKinney and Christine McLeavey and Paul McMillan and Jake McNeil and David Medina and Aalok Mehta and Jacob Menick and Luke Metz and Andrey Mishchenko and Pamela Mishkin and Vinnie Monaco and Evan Morikawa and Daniel Mossing and Tong Mu and Mira Murati and Oleg Murk and David Mély and Ashvin Nair and Reiichiro Nakano and Rajeev Nayak and Arvind Neelakantan and Richard Ngo and Hyeonwoo Noh and Long Ouyang and Cullen O'Keefe and Jakub Pachocki and Alex Paino and Joe Palermo and Ashley Pantuliano and Giambattista Parascandolo and Joel Parish and Emy Parparita and Alex Passos and Mikhail Pavlov and Andrew Peng and Adam Perelman and Filipe de Avila Belbute Peres and Michael Petrov and Henrique Ponde de Oliveira Pinto and Michael and Pokorny and Michelle Pokrass and Vitchyr H. Pong and Tolly Powell and Alethea Power and Boris Power and Elizabeth Proehl and Raul Puri and Alec Radford and Jack Rae and Aditya Ramesh and Cameron Raymond and Francis Real and Kendra Rimbach and Carl Ross and Bob Rotsted and Henri Roussez and Nick Ryder and Mario Saltarelli and Ted Sanders and Shibani Santurkar and Girish Sastry and Heather Schmidt and David Schnurr and John Schulman and Daniel Selsam and Kyla Sheppard and Toki Sherbakov and Jessica Shieh and Sarah Shoker and Pranav Shyam and Szymon Sidor and Eric Sigler and Maddie Simens and Jordan Sitkin and Katarina Slama and Ian Sohl and Benjamin Sokolowsky and Yang Song and Natalie Staudacher and Felipe Petroski Such and Natalie Summers and Ilya Sutskever and Jie Tang and Nikolas Tezak and Madeleine B. Thompson and Phil Tillet and Amin Tootoonchian and Elizabeth Tseng and Preston Tuggle and Nick Turley and Jerry Tworek and Juan Felipe Cerón Uribe and Andrea Vallone and Arun Vijayvergiya and Chelsea Voss and Carroll Wainwright and Justin Jay Wang and Alvin Wang and Ben Wang and Jonathan Ward and Jason Wei and CJ Weinmann and Akila Welihinda and Peter Welinder and Jiayi Weng and Lilian Weng and Matt Wiethoff and Dave Willner and Clemens Winter and Samuel Wolrich and Hannah Wong and Lauren Workman and Sherwin Wu and Jeff Wu and Michael Wu and Kai Xiao and Tao Xu and Sarah Yoo and Kevin Yu and Qiming Yuan and Wojciech Zaremba and Rowan Zellers and Chong Zhang and Marvin Zhang and Shengjia Zhao and Tianhao Zheng and Juntang Zhuang and William Zhuk and Barret Zoph},
      year={2024},
      eprint={2303.08774},
      archivePrefix={arXiv},
      primaryClass={cs.CL},
      url={https://arxiv.org/abs/2303.08774}, 
}
% EVALUATION METRICS

% Comparison
@misc{finetunedb_evaluate_llm_outputs,
  title = {How to Evaluate Large Language Model Outputs: Current Best Practices},
  url = {https://finetunedb.com/blog/how-to-evaluate-large-language-model-outputs/?utm_source=chatgpt.com},
  note = {Accessed: 2024-12-10}
}


% RESULTS AND DISCUSSION

% ETHICAL CONSIDERATIONS
% use one from PS for hallucinations

% Data Privacy
@misc{roy2024protecting,
  author = {Roy, Vinay},
  title = {Protecting Sensitive Data in the Age of Large Language Models (LLMs)},
  year = {2024},
  url = {https://vinaysays.medium.com/protecting-sensitive-data-in-the-age-of-large-language-models-llms-89abeb09720d}
}

% Bias
@misc{orange_llm_bias,
  title = {How to Avoid Replicating Bias and Human Error in LLMs},
  url = {https://hellofuture.orange.com/en/how-to-avoid-replicating-bias-and-human-error-in-llms/}
}

@misc{lwv_media_bias,
  title = {How Reliable Is Your News Source? Understanding Media Bias (2022)},
  url = {https://my.lwv.org/california/torrance-area/article/how-reliable-your-news-source-understanding-media-bias-2022},
  note = {Accessed: 2024-12-10}
}

% Security
@misc{kumar2024ethicsinteractionmitigatingsecurity,
      title={The Ethics of Interaction: Mitigating Security Threats in LLMs}, 
      author={Ashutosh Kumar and Shiv Vignesh Murthy and Sagarika Singh and Swathy Ragupathy},
      year={2024},
      eprint={2401.12273},
      archivePrefix={arXiv},
      primaryClass={cs.CR},
      url={https://arxiv.org/abs/2401.12273}, 
}
% REPLICATION INSTRUCTIONS

% CODE ARCHITECTURE OVERVIEW